<collection xmlns="http://www.loc.gov/MARC21/slim">
<record>
  <leader>02401nam0a2200421 i 450 </leader>
  <controlfield tag="001">IT\ICCU\CNCE\032054</controlfield>
  <controlfield tag="005">20130328000000.0</controlfield>
  <datafield tag="012" ind1=" " ind2=" ">
    <subfield code="a">s)i- m.e. mee- prme (3) 1596 (R)</subfield>
    <subfield code="2">fei</subfield>
  </datafield>
  <datafield tag="100" ind1=" " ind2=" ">
    <subfield code="a">19971209d1596        0itac0103    ba</subfield>
  </datafield>
  <datafield tag="101" ind1=" " ind2=" ">
    <subfield code="a">LAT</subfield>
  </datafield>
  <datafield tag="102" ind1=" " ind2=" ">
    <subfield code="a">IT</subfield>
  </datafield>
  <datafield tag="200" ind1="1" ind2=" ">
    <subfield code="a">Heroidum epistolae, Pub. Ovidii Nasonis, et Auli Sabini responsiones; cum Gudonis Morilloni argumentis, ac scholiis. His accesserunt Ioannis Baptistae Egnatij observationes. Cum Henrici Farnesii Eburonis, de dignitate artis poeticae elogio. Omnia accurate emendata</subfield>
  </datafield>
  <datafield tag="210" ind1=" " ind2=" ">
    <subfield code="a">Placentiae</subfield>
    <subfield code="c">apud Ioannem Bazachium</subfield>
    <subfield code="d">1596</subfield>
    <subfield code="e">Placentiae</subfield>
    <subfield code="g">apud Ioannem Bazachium</subfield>
    <subfield code="h">1596</subfield>
  </datafield>
  <datafield tag="215" ind1=" " ind2=" ">
    <subfield code="a">237, \1! p.</subfield>
    <subfield code="d">24ʻ</subfield>
  </datafield>
  <datafield tag="620" ind1=" " ind2=" ">
    <subfield code="a">IT</subfield>
    <subfield code="d">Piacenza</subfield>
  </datafield>
  <datafield tag="700" ind1=" " ind2="1">
    <subfield code="a">Ovidius Naso,</subfield>
    <subfield code="b">Publius</subfield>
    <subfield code="3">IT\ICCU\CNCA\003076</subfield>
  </datafield>
  <datafield tag="702" ind1=" " ind2="1">
    <subfield code="a">Morillon,</subfield>
    <subfield code="b">Gui</subfield>
    <subfield code="3">IT\ICCU\CNCA\012458</subfield>
  </datafield>
  <datafield tag="702" ind1=" " ind2="1">
    <subfield code="a">Farnese,</subfield>
    <subfield code="b">Enrico</subfield>
    <subfield code="3">IT\ICCU\CNCA\000100</subfield>
  </datafield>
  <datafield tag="702" ind1=" " ind2="1">
    <subfield code="a">Egnazio,</subfield>
    <subfield code="b">Giovanni Battista</subfield>
    <subfield code="3">IT\ICCU\CNCA\003049</subfield>
  </datafield>
  <datafield tag="712" ind1="0" ind2="0">
    <subfield code="a">Bazachi, Giovanni</subfield>
    <subfield code="3">IT\ICCU\CNCT\001313</subfield>
    <subfield code="4">650</subfield>
  </datafield>
  <datafield tag="790" ind1=" " ind2="0">
    <subfield code="a">Ovidius</subfield>
    <subfield code="3">IT\ICCU\CNCA\022433</subfield>
    <subfield code="z">Ovidius Naso, Publius</subfield>
  </datafield>
  <datafield tag="790" ind1=" " ind2="0">
    <subfield code="a">Publius Ovidius Naso</subfield>
    <subfield code="3">IT\ICCU\CNCA\022434</subfield>
    <subfield code="z">Ovidius Naso, Publius</subfield>
  </datafield>
  <datafield tag="790" ind1=" " ind2="1">
    <subfield code="a">Morillonus,</subfield>
    <subfield code="b">Guido</subfield>
    <subfield code="3">IT\ICCU\CNCA\021186</subfield>
    <subfield code="z">Morillon, Gui</subfield>
  </datafield>
  <datafield tag="790" ind1=" " ind2="1">
    <subfield code="a">Morillon,</subfield>
    <subfield code="b">Guy</subfield>
    <subfield code="3">IT\ICCU\CNCA\021810</subfield>
    <subfield code="z">Morillon, Gui</subfield>
  </datafield>
  <datafield tag="790" ind1=" " ind2="1">
    <subfield code="a">Du_Four,</subfield>
    <subfield code="b">Henri</subfield>
    <subfield code="3">IT\ICCU\CNCA\014001</subfield>
    <subfield code="z">Farnese, Enrico</subfield>
  </datafield>
  <datafield tag="790" ind1=" " ind2="1">
    <subfield code="a">Farnesius,</subfield>
    <subfield code="b">Henricus</subfield>
    <subfield code="3">IT\ICCU\CNCA\014002</subfield>
    <subfield code="z">Farnese, Enrico</subfield>
  </datafield>
  <datafield tag="790" ind1=" " ind2="1">
    <subfield code="a">Farnesi,</subfield>
    <subfield code="b">Enrico</subfield>
    <subfield code="3">IT\ICCU\CNCA\022287</subfield>
    <subfield code="z">Farnese, Enrico</subfield>
  </datafield>
  <datafield tag="790" ind1=" " ind2="1">
    <subfield code="a">Cipelli,</subfield>
    <subfield code="b">Giovanni Battista</subfield>
    <subfield code="3">IT\ICCU\CNCA\003293</subfield>
    <subfield code="z">Egnazio, Giovanni Battista</subfield>
  </datafield>
  <datafield tag="790" ind1=" " ind2="1">
    <subfield code="a">Egnatius,</subfield>
    <subfield code="b">Ioannes Baptista</subfield>
    <subfield code="3">IT\ICCU\CNCA\013969</subfield>
    <subfield code="z">Egnazio, Giovanni Battista</subfield>
  </datafield>
  <datafield tag="790" ind1=" " ind2="0">
    <subfield code="a">Egnatius</subfield>
    <subfield code="3">IT\ICCU\CNCA\023268</subfield>
    <subfield code="z">Egnazio, Giovanni Battista</subfield>
  </datafield>
  <datafield tag="790" ind1=" " ind2="0">
    <subfield code="a">Egnatius</subfield>
    <subfield code="c"> : Venetus</subfield>
    <subfield code="3">IT\ICCU\CNCA\023272</subfield>
    <subfield code="z">Egnazio, Giovanni Battista</subfield>
  </datafield>
  <datafield tag="791" ind1="0" ind2="0">
    <subfield code="a">Bazzachi, Giovanni</subfield>
    <subfield code="3">IT\ICCU\CNCT\003629</subfield>
    <subfield code="z">Bazachi, Giovanni</subfield>
  </datafield>
  <datafield tag="791" ind1="0" ind2="0">
    <subfield code="a">Bazachius, Ioannes</subfield>
    <subfield code="3">IT\ICCU\CNCT\004307</subfield>
    <subfield code="z">Bazachi, Giovanni</subfield>
  </datafield>
  <datafield tag="801" ind1=" " ind2="3">
    <subfield code="a">IT</subfield>
    <subfield code="b">ICCU</subfield>
    <subfield code="c">20201114</subfield>
  </datafield>
  <datafield tag="899" ind1=" " ind2=" ">
    <subfield code="a">Biblioteca del Seminario vescovile. Mantova</subfield>
    <subfield code="1">MN0041</subfield>
    <subfield code="2">PBE 23</subfield>
  </datafield>
  <datafield tag="899" ind1=" " ind2=" ">
    <subfield code="a">Biblioteca civica Farinone-Centa. Varallo Sesia</subfield>
    <subfield code="1">VC0086</subfield>
    <subfield code="2">TO0 A5</subfield>
  </datafield>
  <datafield tag="911" ind1=" " ind2=" ">
    <subfield code="a">Sul front. e nel colophon</subfield>
    <subfield code="9">IT\ICCU\CNCM\001051</subfield>
  </datafield>
  <datafield tag="921" ind1=" " ind2=" ">
    <subfield code="a">IT\ICCU\CNCM\001051</subfield>
    <subfield code="b">Cerbero tricipite latrante alle porte dell&apos;Averno. In cornice figurata</subfield>
    <subfield code="e">Fida custodia</subfield>
    <subfield code="c">U113</subfield>
    <subfield code="d">Dimensioni: 4 x 3,8</subfield>
    <subfield code="f">CERBERO</subfield>
    <subfield code="f">FIDACUSTOD</subfield>
    <subfield code="g">1587-1600</subfield>
  </datafield>
</record>
</collection>
